<?xml version="1.0" encoding="UTF-8"?><collection xmlns="http://www.loc.gov/MARC21/slim"><record><leader>00591nam--2200169-i-4500</leader><controlfield tag="001">000012752</controlfield><controlfield tag="002">20161230</controlfield><controlfield tag="005">20161230201029</controlfield><controlfield tag="008">060222s1000------------r-----000-0-eng-d</controlfield><datafield ind1=" " ind2=" " tag="040"><subfield code="a">IFIN-HH</subfield></datafield><datafield ind1=" " ind2=" " tag="080"><subfield code="a">524.3(83.8)(498)</subfield></datafield><datafield ind1="1" ind2=" " tag="110"><subfield code="a">Central Institute Of Physics, Bucharest</subfield></datafield><datafield ind1="1" ind2="0" tag="245"><subfield code="a">Bucharest catalogues of southern refference stars srs declination zone-10gr.to +5gr. and bright stars bs declination zone -11gr.to +6g r. equinox 1950.0</subfield></datafield><datafield ind1=" " ind2=" " tag="260"><subfield code="a">Bucharest</subfield><subfield code="b">Central Institute Of Physics</subfield><subfield code="c">1979</subfield></datafield><datafield ind1=" " ind2=" " tag="300"><subfield code="a">203 P.(I-II)</subfield></datafield><datafield ind1=" " ind2=" " tag="852"><subfield code="a">46294</subfield><subfield code="c">521/522</subfield></datafield><datafield ind1=" " ind2=" " tag="CAT"><subfield code="a">Sys</subfield><subfield code="c">20130826</subfield><subfield code="h">162549</subfield></datafield></record></collection>